% Bibliografia della tesi

@misc{First-Draft-Report-EDVAC,
        Author = {John von Neumann},
        Title = {First {D}raft of a {R}eport on the {EDVAC}},
        Month = {June},
        Year = {1945}
}


First Draft of a Report on the EDVAC